
@article{Khripunov2001899,
title = "The \{ITER\} first wall as a source of photo-neutrons ",
journal = "Fusion Engineering and Design ",
volume = "56–57",
number = "",
pages = "899 - 903",
year = "2001",
note = "",
issn = "0920-3796",
doi = "http://dx.doi.org/10.1016/S0920-3796(01)00374-X",
url = "http://www.sciencedirect.com/science/article/pii/S092037960100374X",
author = "V Khripunov",
keywords = "ITER",
keywords = "Beryllium first wall",
keywords = "Photo-neutrons",
keywords = "Neutron diagnostics "
}


@article{cad_origination,
    author = "E. Marriot and A. Davis and M. Sawan",
    title = {Final {Report} on {Status} of {CAD} {Models} {Used} in {Calculating} {Shutdown} {Dose} {Rate} ({SDDR}) {Map}},
    affiliation = {The University of Wisconsin-Madison},
    number = {US\_D\_22RKPW},
    year = {2015},
}

@article{vitaminj,
    author = "Enrico Sartori",
    title = "{Standard {Energy} {Group} {Structures} {Of} {Cross} {Section} {Libraries} {For} {Reactor} {Shielding}, {Reactor} {Cell} and {Fusion} {Neutronics} {Applications}: {VITAMIN-J}, {ECCO-33}, {ECCO-2000} and {XMAS}}",
    number = {JEF/DOC-315 Revision 3},
    affiliation ={ NEA Data Bank}, 
    year = 1990,
}

@article{epp_materials,
    author = "R. Juarez",
    title = {Neutronics guidelines for {ITER} {Diagnostics} {Division}},
    affiliation = {UNED},
    number = {RLVRDP},
    year = {2015},
}

@article{bertalot_communication,
    author = "L. Bertalot",
    title = {Private {Communication}},
    affiliation = {ITER},
    year = {2015},
}

@article{cryopump_communication,
    author = "Alexander Antipenkov",
    title = {Material {Composition} of the torus cryopump and port cell components for neutronics anlysis},
    affiliation = {ITER},
    number = {ITER\_D\_EMEHC6},
    year = {2015},
}

@article{iter_sdr_coeffs,
    author = "Michael Loughlin",
    title = {Recommendations on {Computation} of {Dose} from {Flux} {Estimates}},
    affiliation = {ITER},
    number = {ITER\_D\_29PJCT},
    year = {2008},
}

@article{sa2_irradiation,
    author = "Michael Loughlin and Neill Taylor",
    title = {Recommendations on {Plasma} scenarios},
    affiliation = {ITER},
    number = {ITER\_D\_2V3V8G v1.2},
    year = {2009},
}

@article{iter_sdr_report,
    author = "Andrew Davis and Ahmed Ibrahim and Paul Wilson and Elliott Biondo and Patrick Shriwise and Mohamed Sawan and Ed Marriott",
    title = {Shutdown Doserates in the ITER SDR model},
    affiliation = {The University of Wisconsin-Madison and ORNL},
    number = {ITER\_D\_SVNM65 v2.0},
    year = {2016},
}

@article{pyne_r2s,
  author = {E. Biondo and A. Davis and A. Scopatz and P. P.H. Wilson},
  title = {{Rigorous} {Two}-{Step} {Activation} for {Fusion} {Systems} with {PyNE}"},
  journal = {"Transactions of the American Nuclear Society"}
  volume = {112},
  year = {2015},
}

@article{alara,
  author = {P. P.H. Wilson and H. Tsige-Tamirat and H. Y. Khater and D. L. Henderson},
  title = {Validation of the ALARA Activation Code},
  journal = {Fusion Technology},
  volume  = {34},
  issue = {3},
  year = {1998},
}



@article{dagmc,
  author = {T. J. Tautges and P.P.H. Wilson and J. Kraftcheck and B. F. Smith and D. L. Henderson},
  title = {"{Acceleration} {Techniques} for {Direct} {Use} of {CAD}-{Based} {Geometries} in {Monte} {Carlo} {Radiation} {Transport}"},
  journal = {"International Conference on Mathematics, Computational Methods \& Reactor Physics (M\&C 2009)"},
  year = {2009},
}

@article{dagmc_validation,
  author = {Tim D. Bohm and Steve T Jackson and Mohamed E Sawan and Paul P.H. Wilson},
  title = {"Benchmarking a CAD-based Monte Carlo code using fusion specific experiments"},
  journal = {"Nuclear Technology"}
  volume = {175},
  year = {2011},
}

@inproceedings{Scopatz2012b,
  author = {Anthony Scopatz and Paul K. Romano and Paul P.H. Wilson and Kathryn D. Huff},
  address = {San Diego, CA, USA},
  booktitle = {Am. Nuc. Soc. Winter Meeting 2012},
  month = Nov,
  title = {{PyNE: Python for Nuclear Engineering}},
  volume={107},
  year = {2012}
}

@article{mcr2s,
title = "Benchmarking the \{MCR2S\} system for high-resolution activation dose analysis in \{ITER\} ",
journal = "Fusion Engineering and Design ",
volume = "85",
number = "1",
pages = "87 - 92",
year = "2010",
note = "",
issn = "0920-3796",
doi = "http://dx.doi.org/10.1016/j.fusengdes.2009.07.002",
url = "http://www.sciencedirect.com/science/article/pii/S0920379609002518",
author = "A. Davis and R. Pampin",
keywords = "Neutronics",
keywords = "R2S",
keywords = "Shutdown dose",
keywords = "ITER "
}


@techreport{frej,
  author = "{Frej Wasastjerna}",
  title = "{Using MCNP for fusion neutronics}",
  institution = "VTT",
  number = "VTT Publications 699",
  year = 2008,
}

@article{r2smesh,
title = "Verification and validation of the \{R2Smesh\} approach for the calculation of high resolution shutdown dose rate distributions ",
journal = "Fusion Engineering and Design ",
volume = "87",
number = "5–6",
pages = "443 - 447",
year = "2012",
note = "Tenth International Symposium on Fusion Nuclear Technology (ISFNT-10) ",
issn = "0920-3796",
doi = "http://dx.doi.org/10.1016/j.fusengdes.2011.12.010",
url = "http://www.sciencedirect.com/science/article/pii/S0920379611006417",
author = "Mitja Majerle and Dieter Leichtle and Ulrich Fischer and Arkady Serikov",
keywords = "MCNP",
keywords = "FISPACT",
keywords = "R2S",
keywords = "Shutdown dose rate",
keywords = "FNG benchmark experiment "
}

@ARTICLE{r2suned,
author={P. Sauvan and J. P. Catalán and F. Ogando and R. Juárez and J. Sanz},
journal={IEEE Transactions on Nuclear Science},
title={Development of the R2SUNED Code System for Shutdown Dose Rate Calculations},
year={2016},
volume={63},
number={1},
pages={375-384},
keywords={Tokamak devices;dosimetry;fusion reactor theory;neutron flux;plasma toroidal confinement;ACAB codes;ITER computational shutdown dose rate benchmark;MCNP codes;R2SUNED code system;cell-under-voxel approach;conventional averaging technique;flexible decay gamma source sampling;fusion relevant facilities;mesh-based Rigorous-two-step method;neutron flux determination;shutdown dose rate calculations;state-of-the-art R2S systems;strong spatial gradients;Couplings;Estimation;Geometry;Isotopes;Neutrons;Ports (Computers);Spatial resolution;Coupled radiation transport-activation calculations;DEMO;ITER;MCNP;R2S methodology;fusion neutronics;shutdown dose rate},
doi={10.1109/TNS.2015.2507138},
ISSN={0018-9499},
month={Feb},}

@article{r2s,
title = "Rigorous mcnp based shutdown dose rate calculations: computational scheme, verification calculations and application to \{ITER\} ",
journal = "Fusion Engineering and Design ",
volume = "63–64",
number = "",
pages = "107 - 114",
year = "2002",
note = "",
issn = "0920-3796",
doi = "http://dx.doi.org/10.1016/S0920-3796(02)00144-8",
url = "http://www.sciencedirect.com/science/article/pii/S0920379602001448",
author = "Y Chen and U Fischer",
keywords = "Fusion",
keywords = "Neutronics",
keywords = "Activation",
keywords = "Shutdown dose",
keywords = "ITER",
keywords = "Monte Carlo "
}

@techreport{mcnp,
  author = "{X-5 MONTE CARLO TEAM}",
  title = "{MCNP -- A General Monte Carlo N-Particle Transport Code, Version 5}",
  institution = "Los Alamos National Laboratory",
  number = "LA-UR-03-1987",
  month = feb,
  year = 2008,
}

@techreport{fispact,
  author = "{Robin A Forrest}",
  title = "{FISPACT 2007: User Manual}",
  institution = "UKAEA Fusion",
  year = 2007,
}

@techreport{scale_qa,
  author = "{B T Rearden and M T Sieger and S M Bowman and J P Lefebvre}",
  title = "{Quality Assurance Plan for the SCALE Code System}",
  institution = "Oak Ridge National Lab",
  year = 2013,
}

@article{mscadis,
	Author = {Ahmad Ibrahim and Douglas Peplow and el al.},
	Date-Added = {2016-03-11 21:09:08 +0000},
	Date-Modified = {2016-03-11 21:11:18 +0000},
	Journal = {Nuclear Technology},
	Pages = {286-298},
	Title = {The Multi-Step CADIS Method for Shutdown Dose Rate Calculations and Uncertainty Propagation},
	Volume = {192},
	Year = {2015},
}

@article{biondoMC2015,
	Author = {Elliott Biondo and Ahmad Ibrahim and el al.},
	Date-Added = {2016-03-11 19:38:57 +0000},
	Date-Modified = {2016-03-11 19:56:56 +0000},
	Journal = {Proccedings of Joint International Conference on Mathematics and Computation, Supercomputing in Nuclear Apllications, and Monte Carlo Methods, Nashville, TN, April 19-23},
	Title = {Accelerating Fusion Reactor Neutronics Modeling By Automatic Coupling of Hybrid Monte Carlo/Deterministic Transport and CAD Geometry},
	Year = {2015}}

@article{denovo,
	Author = {Thomas Evans et al},
	Date-Added = {2016-03-11 19:36:59 +0000},
	Date-Modified = {2016-03-11 19:38:44 +0000},
	Journal = {Nuclear Technology},
	Pages = {171},
	Title = {Denovo: A New Three-Dimensional Parallel Discrete Ordinates Code n SCALe},
	Volume = {171},
	Year = {2010}}

@article{advantg,
	Author = {Scott Mosher and Aron Bevill and Seth Johnson and Ahmad Ibrahim el al.},
	Date-Added = {2016-03-11 19:34:50 +0000},
	Date-Modified = {2016-03-11 19:36:56 +0000},
	Journal = {Oak Ridge National Laboratory Report},
	Title = {ADVANTG-An Automated Variance Reduction Parameter Generator},
	Volume = {ORNL/TM-2013/416},
	Year = {2013}}

@article{wagnerNSECADIS,
	Author = {John C. Wagner and Ali Haghighat},
	Date-Added = {2016-03-11 19:28:46 +0000},
	Date-Modified = {2016-03-11 19:33:51 +0000},
	Journal = {Nuclear Science and Engineering},
	Pages = {186-208},
	Title = {Automated Variance Reduction of Monte Carlo Shielding Calculations Using the Discrete Ordinates Adjoint Function},
	Volume = {128},
	Year = {1998}}

@article{wagnerNSEFWCADIS,
	Author = {John C. Wagner and Douglas Peplow and Scott Mosher},
	Date-Added = {2016-03-11 16:06:03 +0000},
	Date-Modified = {2016-03-11 16:08:45 +0000},
	Journal = {Nuclear Science and Engineering},
	Pages = {37-57},
	Title = {FW-CADIS Method for Global and Regional Varinace Reduction of Monte Carlo Radiation Transport Calculations},
	Volume = {176},
	Year = {2014}}

@techreport{iter_n_src,
  author = "{Eduard Polunovskiy}",
  title = "{SDEF card for the ITER standard neutron source (inductive operation secnario with 500MW of fusion power)}",
  institution = "ITER",
  number = "ITER\_D\_2KS8CN v1.4",
  month = "June",
  year = 2006,
}

@article{Biondo201677,
title = "Shutdown dose rate analysis with {CAD} geometry, Cartesian/tetrahedral mesh, and advanced variance reduction ",
journal = "Fusion Engineering and Design ",
volume = "106",
number = "",
pages = "77 - 84",
year = "2016",
note = "",
issn = "0920-3796",
doi = "http://dx.doi.org/10.1016/j.fusengdes.2016.03.004",
url = "http://www.sciencedirect.com/science/article/pii/S0920379616302009",
author = "Elliott D. Biondo and Andrew Davis and Paul P.H. Wilson",
keywords = "Shutdown dose rate",
keywords = "CAD",
keywords = "Tetrahedral mesh",
keywords = "Variance reduction "
}

@article{Kodeli2004717,
title = "Cross-section sensitivity analyses of 14 MeV Neutron Benchmark Experiment on Tungsten ",
journal = "Journal of Nuclear Materials ",
volume = "329–333, Part A",
number = "",
pages = "717 - 720",
year = "2004",
note = "Proceedings of the 11th International Conference on Fusion Reactor Materials (ICFRM-11) ",
issn = "0022-3115",
doi = "http://dx.doi.org/10.1016/j.jnucmat.2004.04.185",
url = "http://www.sciencedirect.com/science/article/pii/S0022311504002855",
author = "I Kodeli"
}

@article{Batistoni19941724,
title = "The stainless steel bulk shielding benchmark experiment at the Frascati Neutron Generator (FNG) ",
journal = "Journal of Nuclear Materials ",
volume = "212–215, Part B",
number = "",
pages = "1724 - 1728",
year = "1994",
note = "Fusion Reactor Materials ",
issn = "0022-3115",
doi = "http://dx.doi.org/10.1016/0022-3115(94)91121-5",
url = "http://www.sciencedirect.com/science/article/pii/0022311594911215",
author = "P. Batistoni and M. Angelone and M. Martone and L. Petrizzi and M. Pillon and V. Rado and A. Santamarina and I. Abidi and G. Gastaldi and P. Joyer and J.P. Marquette and M. Martini"
}

@article{Fausser20112135,
title = "Numerical benchmarks \{TRIPOLI\} − \{MCNP\} with use of \{MCAM\} on \{FNG\} \{ITER\} bulk shield and \{FNG\} \{HCLL\} \{TBM\} mock-up experiments ",
journal = "Fusion Engineering and Design ",
volume = "86",
number = "9–11",
pages = "2135 - 2138",
year = "2011",
note = "Proceedings of the 26th Symposium of Fusion Technology (SOFT-26) ",
issn = "0920-3796",
doi = "http://dx.doi.org/10.1016/j.fusengdes.2011.04.018",
url = "http://www.sciencedirect.com/science/article/pii/S0920379611004145",
author = "Clement Fausser and Yi-Kang Lee and Rosaria Villari and Qin Zeng and Junjun Zhang and Arkady Serikov and Jean-Christophe Trama and Franck Gabriel",
keywords = "TRIPOLI-4 Monte Carlo code",
keywords = "Frascati neutron generator",
keywords = "MCAM",
keywords = "ITER",
keywords = "HCLL",
keywords = "EFDA Eurobreed Eurotrainee program "
}

@article{Batistoni1995504,
title = "The bulk shielding benchmark experiment at the Frascati Neutron Generator (FNG) ",
journal = "Fusion Engineering and Design ",
volume = "28",
number = "",
pages = "504 - 514",
year = "1995",
note = "Proceedings of the Third International Symposium on Fusion Nuclear Technology ",
issn = "0920-3796",
doi = "http://dx.doi.org/10.1016/0920-3796(95)90077-2",
url = "http://www.sciencedirect.com/science/article/pii/0920379695900772",
author = "P Batistoni and M Angelone and M Martone and M Pillon and V Rado and A Santamarina and I Abidi and B Gastaldi and M Martini and J.P Marquette"
}

@incollection{Batistoni1997233,
title = "Neutronics Shield Experiment For \{ITER\} At The Frascati Neutron Generator \{FNG\} ",
editor = "VARANDAS, C. and ,  and SERRA, F. ",
booktitle = "Fusion Technology 1996 ",
publisher = "Elsevier",
edition = "",
address = "Oxford",
year = "1997",
pages = "233 - 238",
isbn = "978-0-444-82762-3",
doi = "http://dx.doi.org/10.1016/B978-0-444-82762-3.50030-6",
url = "http://www.sciencedirect.com/science/article/pii/B9780444827623500306",
author = "P. Batistoni and M. Angelone and W. Daenner and U. Fischer and L. Petrizzi and M. Pillon and A. Santamarina and K Seidel"
}

@article{Flammini20151964,
title = "Pre-analysis of the copper neutronics benchmark experiment for nuclear data validation ",
journal = "Fusion Engineering and Design ",
volume = "98–99",
number = "",
pages = "1964 - 1967",
year = "2015",
note = "Proceedings of the 28th Symposium On Fusion Technology (SOFT-28) ",
issn = "0920-3796",
doi = "http://dx.doi.org/10.1016/j.fusengdes.2015.05.062",
url = "http://www.sciencedirect.com/science/article/pii/S0920379615300120",
author = "D. Flammini and R. Villari and M. Angelone and F. Moro",
keywords = "Neutronics",
keywords = "Copper",
keywords = "Benchmark",
keywords = "Nuclear data",
keywords = "MCNP "
}

@article{Klix2016,
title = "Fast neutron and gamma-ray spectra measurements with a NE-213 spectrometer in the \{FNG\} Copper Benchmark Experiment ",
journal = "Fusion Engineering and Design ",
volume = "",
number = "",
pages = " - ",
year = "2016",
note = "",
issn = "0920-3796",
doi = "http://dx.doi.org/10.1016/j.fusengdes.2016.03.007",
url = "http://www.sciencedirect.com/science/article/pii/S0920379616302034",
author = "Axel Klix and Maurizio Angelone and Ulrich Fischer and Mario Pillon",
keywords = "Copper assembly",
keywords = "Neutron spectra",
keywords = "Gamma-ray spectra",
keywords = "DT neutrons",
keywords = "Fusion neutronics "
}

@article{Kodeli2016,
title = "Cross-section sensitivity and uncertainty analysis of the \{FNG\} copper benchmark experiment ",
journal = "Fusion Engineering and Design ",
volume = "",
number = "",
pages = " - ",
year = "2016",
note = "",
issn = "0920-3796",
doi = "http://dx.doi.org/10.1016/j.fusengdes.2015.11.058",
url = "http://www.sciencedirect.com/science/article/pii/S0920379615303689",
author = "I. Kodeli and K. Kondo and R.L. Perel and U. Fischer",
keywords = "Neutron yield",
keywords = "DT neutron source",
keywords = "Benchmark",
keywords = "Neutron cross-sections",
keywords = "Sensitivity-uncertainty analysis "
}

@article{Angelone2016,
title = "Copper benchmark experiment at the Frascati Neutron Generator for nuclear data validation ",
journal = "Fusion Engineering and Design ",
volume = "",
number = "",
pages = " - ",
year = "2016",
note = "",
issn = "0920-3796",
doi = "http://dx.doi.org/10.1016/j.fusengdes.2016.01.065",
url = "http://www.sciencedirect.com/science/article/pii/S0920379616300655",
author = "M. Angelone and D. Flammini and S. Loreti and F. Moro and M. Pillon and R. Villari",
keywords = "Benchmark experiment",
keywords = "14 MeV neutrons",
keywords = "Copper cross sections",
keywords = "Frascati Neutron Generator",
keywords = "Activation technique",
keywords = "MCNP Monte Carlo code "
}

@article{jarrell,
    author = "Joshua Jarrell and Marvin Adams and Joel Risner",
    title = "{Application of {Quadruple} range quadratures to three-dimensional model shielding problems}",
    journal = "Nuclear Technology",
    volume = "168",
    number = "2",
    pages = " 424-430",
    year = "2009 ",
    doi = "http://dx.doi.org/10.13182/NT168-424"
}

@inproceedings{snouffer,
	title = {Criticality Benchmark Comparisons for DAGMC},
	volume = {104},
	booktitle = {Transactions of the {American} {Nuclear} {Society}},
	author = {Snouffer, P.J. and Slaybaugh, R.N. and Wilson, P.P.H.},
	year = {2009},
	pages = {440--441}
}